%BIBTEX%
%
%%%%%%%%%%%%%%%%%%%%%%%%%%%%%%%%%%%%%%%%%%%%%%%%%%%%%%%%%%%%%%%%%%%%%%%%%%%%%%%%%%%%%%%%%%%%%%%%%%%%%%%%%%
% Our papers 
%%%%%%%%%%%%%%%%%%%%%%%%%%%%%%%%%%%%%%%%%%%%%%%%%%%%%%%%%%%%%%%%%%%%%%%%%%%%%%%%%%%%%%%%%%%%%%%%%%%%%%%%%%

@article{Krishnamurthy2007,
year={2007},
issn={0921-0296},
journal={Journal of Intelligent and Robotic Systems},
volume={48},
number={3},
doi={10.1007/s10846-006-9090-0},
title={GODZILA: A Low-resource Algorithm for Path Planning in Unknown Environments},
url={http://dx.doi.org/10.1007/s10846-006-9090-0},
publisher={Kluwer Academic Publishers},
keywords={autonomous vehicles; low-resource; obstacle avoidance; path planning; unknown environments; (1); (3); (5)},
author={Krishnamurthy, P. and Khorrami, F.},
pages={357-373},
language={English}
}

@INPROCEEDINGS{Brooks2013, 
author={Brooks, G. and Krishnamurthy, P. and Khorrami, F.}, 
booktitle={Control Conference (ASCC), 2013 9th Asian}, 
title={Humanoid robot navigation and obstacle avoidance in unknown environments}, 
year={2013}, 
month={June}, 
pages={1-6}, 
keywords={collision avoidance;distance measurement;humanoid robots;mobile robots;sensors;sonar;GODZILA algorithm;GODZILA framework;NAO humanoid robot;humanoid robot navigation;obstacle avoidance system;path planning;range measurements;sonars;spatial uncertainty;ultrasonic sensors;virtual sensors;Acoustics;Collision avoidance;Navigation;Path planning;Robot sensing systems}, 
doi={10.1109/ASCC.2013.6606392},}

@INPROCEEDINGS{Brooks2014, 
author={Brooks, G. and Krishnamurthy, P. and Khorrami, F.}, 
booktitle={Control and Decision Conference (2014 CCDC), The 26th Chinese}, 
title={A multi-gait approach for humanoid navigation in cluttered environments}, 
year={2014}, 
month={May}, 
pages={2708-2713}, 
keywords={collision avoidance;humanoid robots;legged locomotion;motion control;GODZILA algorithm;cluttered environment;cooperative motion;environment-dependent adaptive switching;forward walking gait;humanoid motion;humanoid robot navigation;low-profile crawling gait;multigait approach;obstacle avoidance;side-stepping gait;Collision avoidance;Humanoid robots;Legged locomotion;Navigation;Robot sensing systems;Adaptive Gaiting;Biped;Humanoid;Low-Profile Gaits;NAO;Obstacle Avoidance;Path Planning}, 
doi={10.1109/CCDC.2014.6852631},}

@INPROCEEDINGS{Brooks2015, 
author={G. Brooks and P. Krishnamurthy and F. Khorrami}, 
booktitle={2015 IEEE/RSJ International Conference on Intelligent Robots and Systems (IROS)}, 
title={Low-profile crawling for humanoid motion in tight spaces}, 
year={2015}, 
pages={5930-5935}, 
keywords={humanoid robots;legged locomotion;path planning;NAO humanoid robot;gait control;humanoid motion;low-profile crawling gait;motion planning;Elbow;Humanoid robots;Kinematics;Knee;Legged locomotion;Motion segmentation}, 
doi={10.1109/IROS.2015.7354220}, 
month={Sept},}

%%%%%%%%%%%%%%%%%%%%%%%%%%%%%%%%%%%%%%%%%%%%%%%%%%%%%%%%%%%%%%%%%%%%%%%%%%%%%%%%%%%%%%%%%%%%%%%%%%%%%%%%%%
% Humanoids
%%%%%%%%%%%%%%%%%%%%%%%%%%%%%%%%%%%%%%%%%%%%%%%%%%%%%%%%%%%%%%%%%%%%%%%%%%%%%%%%%%%%%%%%%%%%%%%%%%%%%%%%%%
@article{Kato1973,
year={1973},
journal={Biomechanisms},
title={Development of biped walking robot WABOT-1},
author={Kato, I.},
pages={173-214},
language={Japanese}
}

% QRIO
@INPROCEEDINGS{Ishida2003, 
author={T. Ishida and Y. Kuroki and J. Yamaguchi}, 
booktitle={Proceedings 2003 IEEE/RSJ International Conference on Intelligent Robots and Systems (IROS 2003) (Cat. No.03CH37453)}, 
title={Mechanical system of a small biped entertainment robot}, 
year={2003}, 
volume={2}, 
pages={1129-1134 vol.2}, 
keywords={intelligent actuators;intelligent sensors;legged locomotion;mechanical control equipment;motion control;robot dynamics;servomechanisms;SDR-4X;actuator technology;actuators alignment;dynamic motion performance;home environment;humanoid type robot;intelligent servo actuator;mechanical system;prototype model;safe interaction;sensor system;small biped entertainment robot;stable walking motion;Humanoid robots;Instruction sets;Intelligent actuators;Intelligent robots;Intelligent sensors;Legged locomotion;Mechanical systems;Prototypes;Robot sensing systems;Servomechanisms}, 
doi={10.1109/IROS.2003.1248796}, 
month={Oct},}

@INPROCEEDINGS{Ha2011, 
author={I. Ha and Y. Tamura and H. Asama and J. Han and D. W. Hong}, 
booktitle={SICE Annual Conference 2011}, 
title={Development of open humanoid platform DARwIn-OP}, 
year={2011}, 
pages={2178-2181}, 
keywords={humanoid robots;public domain software;DARwIn-OP;circuit diagrams;mechanical CAD files;network based modular structure;open humanoid platform;source codes;Actuators;Cameras;Robot vision systems;Software;DARwIn;Humanoid;Open Platform}, 
ISSN={pending}, 
month={Sept},}

@INPROCEEDINGS{Gouaillier2009, 
author={D. Gouaillier and V. Hugel and P. Blazevic and C. Kilner and J. Monceaux and P. Lafourcade and B. Marnier and J. Serre and B. Maisonnier}, 
booktitle={2009 IEEE International Conference on Robotics and Automation}, 
title={Mechatronic design of NAO humanoid}, 
year={2009}, 
pages={769-774}, 
keywords={Brushes;DC motors;Distributed computing;Guidelines;Humanoid robots;Infrared sensors;Kinematics;Mechatronics;Pelvis;Robotics and automation}, 
doi={10.1109/ROBOT.2009.5152516}, 
ISSN={1050-4729}, 
month={May},}

@article{Tsagarakis2007iCubTD,
title={iCub: the design and realization of an open humanoid platform for cognitive and neuroscience research},
author={Nikolaos G. Tsagarakis and Giorgio Metta and Giulio Sandini and David Vernon and Ricardo Beira and Francesco Becchi and Ludovic Righetti and Jos{\'e} Santos-Victor and Auke Jan Ijspeert and Maria Chiara Carrozza and Darwin G. Caldwell},
journal={Advanced Robotics},
year={2007},
volume={21},
pages={1151-1175}
}

@misc{asimo_website,
author = "Honda Worldwide",
title  = "\emph{ASIMO by Honda}",
note   = "\url{http://asimo.honda.com}
           [Accessed: 12/08/2016]",
year = 2016,
}

@misc{atlas_website,
author = "Boston Dynamics",
title  = "\emph{Atlas - The Agile Anthropomorphic Robot}",
note   = "\url{http://www.bostondynamics.com/robot_Atlas.html}
           [Accessed: 12/08/2016]",
year = 2016,
}

@misc{robonaut_website,
author = "National Aeronautics and Space Administration",
title  = "\emph{Robonaut2}",
note   = "\url{https://robonaut.jsc.nasa.gov/R2}
           [Accessed: 12/08/2016]",
year = 2016,
}

@article{Radford2015,
author = {Radford, Nicolaus A. and Strawser, Philip and Hambuchen, Kimberly and Mehling, Joshua S. and Verdeyen, William K. and Donnan, A. Stuart and Holley, James and Sanchez, Jairo and Nguyen, Vienny and Bridgwater, Lyndon and Berka, Reginald and Ambrose, Robert and Myles Markee, Mason and Fraser-Chanpong, N. J. and McQuin, Christopher and Yamokoski, John D. and Hart, Stephen and Guo, Raymond and Parsons, Adam and Wightman, Brian and Dinh, Paul and Ames, Barrett and Blakely, Charles and Edmondson, Courtney and Sommers, Brett and Rea, Rochelle and Tobler, Chad and Bibby, Heather and Howard, Brice and Niu, Lei and Lee, Andrew and Conover, Michael and Truong, Lily and Reed, Ryan and Chesney, David and Platt, Robert and Johnson, Gwendolyn and Fok, Chien-Liang and Paine, Nicholas and Sentis, Luis and Cousineau, Eric and Sinnet, Ryan and Lack, Jordan and Powell, Matthew and Morris, Benjamin and Ames, Aaron and Akinyode, Jide},
title = {Valkyrie: NASA's First Bipedal Humanoid Robot},
journal = {Journal of Field Robotics},
volume = {32},
number = {3},
issn = {1556-4967},
url = {http://dx.doi.org/10.1002/rob.21560},
doi = {10.1002/rob.21560},
pages = {397--419},
year = {2015},
}

%%%%%%%%%%%%%%%%%%%%%%%%%%%%%%%%%%%%%%%%%%%%%%%%%%%%%%%%%%%%%%%%%%%%%%%%%%%%%%%%%%%%%%%%%%%%%%%%%%%%%%%%%%
% Walking
%%%%%%%%%%%%%%%%%%%%%%%%%%%%%%%%%%%%%%%%%%%%%%%%%%%%%%%%%%%%%%%%%%%%%%%%%%%%%%%%%%%%%%%%%%%%%%%%%%%%%%%%%%

@ARTICLE{Vukobratovic1969, 
author={M. Vukobratovic and D. Juricic}, 
journal={IEEE Transactions on Biomedical Engineering}, 
title={Contribution to the Synthesis of Biped Gait}, 
year={1969}, 
volume={BME-16}, 
number={1}, 
pages={1-6}, 
keywords={Aerodynamics;Automatic control;Control system synthesis;Control systems;Extremities;Kinematics;Leg;MIMO;Motion control;Organisms;Biomechanics;Gait;Humans;Locomotion;Mathematics;Methods;Models, Theoretical}, 
doi={10.1109/TBME.1969.4502596}, 
ISSN={0018-9294}, 
month={Jan},
}

@article{Geijtenbeek2013,
title={Flexible Muscle-Based Locomotion for Bipedal Creatures},
author={Thomas Geijtenbeek and Michiel van de Panne and A. Frank van der Stappen},
journal={ACM Transactions on Graphics},
year={2013},
volume = {32},
number = {6},
publisher={ACM SIGGRAPH}
}


@INPROCEEDINGS{Deits2014, 
author={R. Deits and R. Tedrake}, 
booktitle={2014 IEEE-RAS International Conference on Humanoid Robots}, 
title={Footstep planning on uneven terrain with mixed-integer convex optimization}, 
year={2014}, 
pages={279-286}, 
keywords={collision avoidance;convex programming;integer programming;legged locomotion;piecewise linear techniques;reachability analysis;robot kinematics;2D environments;3D environments;MIQCQP;convex inner approximation;footstep placement planning;footstep placement rotation;kinematic reachability;mixed-integer convex optimization;mixed-integer quadratically-constrained quadratic program;nonconvex constraints;obstacle avoidance;obstacle-free configuration space;piecewise linear approximation;reachable space;uneven terrain;Collision avoidance;Foot;Linear approximation;Piecewise linear approximation;Planning;Robots}, 
doi={10.1109/HUMANOIDS.2014.7041373}, 
ISSN={2164-0572}, 
month={Nov},
}

%%%%%%%%%%%%%%%%%%%%%%%%%%%%%%%%%%%%%%%%%%%%%%%%%%%%%%%%%%%%%%%%%%%%%%%%%%%%%%%%%%%%%%%%%%%%%%%%%%%%%%%%%%
% DRC
%%%%%%%%%%%%%%%%%%%%%%%%%%%%%%%%%%%%%%%%%%%%%%%%%%%%%%%%%%%%%%%%%%%%%%%%%%%%%%%%%%%%%%%%%%%%%%%%%%%%%%%%%%

@misc{drc_website,
author = "Defense Advanced Research Planning Agency",
title  = "\emph{DRC Finals}",
note   = "\url{http://archive.darpa.mil/roboticschallenge/}
           [Accessed: 12/08/2016]",
year = 2016,
}

%%%%%%%%%%%%%%%%%%%%%%%%%%%%%%%%%%%%%%%%%%%%%%%%%%%%%%%%%%%%%%%%%%%%%%%%%%%%%%%%%%%%%%%%%%%%%%%%%%%%%%%%%%
% Nao
%%%%%%%%%%%%%%%%%%%%%%%%%%%%%%%%%%%%%%%%%%%%%%%%%%%%%%%%%%%%%%%%%%%%%%%%%%%%%%%%%%%%%%%%%%%%%%%%%%%%%%%%%%

@inbook{Ismail2012,
title = "Robot-based Intervention Program for autistic children with Humanoid Robot NAO: Initial response in stereotyped behavior",
author = "Ismail, {Luthffi Idzhar} and Syamimi Shamsudin and Hanafiah Yussof and Hanapiah, {Fazah Akhtar} and Zahari, {Nur Ismarrubie}",
year = "2012",
doi = "10.1016/j.proeng.2012.07.333",
volume = "41",
pages = "1441--1447",
booktitle = "Procedia Engineering",
publisher = "Elsevier Ltd",
}

%%%%%%%%%%%%%%%%%%%%%%%%%%%%%%%%%%%%%%%%%%%%%%%%%%%%%%%%%%%%%%%%%%%%%%%%%%%%%%%%%%%%%%%%%%%%%%%%%%%%%%%%%%
% Crawling
%%%%%%%%%%%%%%%%%%%%%%%%%%%%%%%%%%%%%%%%%%%%%%%%%%%%%%%%%%%%%%%%%%%%%%%%%%%%%%%%%%%%%%%%%%%%%%%%%%%%%%%%%%
@INPROCEEDINGS{Li2011, 
author={Cai Li and R. Lowe and B. Duran and T. Ziemke}, 
booktitle={2011 IEEE International Conference on Computer Science and Automation Engineering}, 
title={Humanoids that crawl: Comparing gait performance of iCub and NAO using a CPG architecture}, 
year={2011}, 
volume={4}, 
pages={577-582}, 
keywords={group theory;humanoid robots;neurocontrollers;CPG architecture;NAO robot;NAO whole-body stability;central pattern generator;dynamic systems theory;gait performance;group theory;humanoids;iCub robot;robot morphology;Hip;Joints;Legged locomotion;Oscillators;Robot sensing systems;Torso;CPG;Crawling;Infant development;NAO;iCub}, 
doi={10.1109/CSAE.2011.5952916}, 
month={June},}


%%%%%%%%%%%%%%%%%%%%%%%%%%%%%%%%%%%%%%%%%%%%%%%%%%%%%%%%%%%%%%%%%%%%%%%%%%%%%%%%%%%%%%%%%%%%%%%%%%%%%%%%%%
% Potential Fields
%%%%%%%%%%%%%%%%%%%%%%%%%%%%%%%%%%%%%%%%%%%%%%%%%%%%%%%%%%%%%%%%%%%%%%%%%%%%%%%%%%%%%%%%%%%%%%%%%%%%%%%%%%
@article{ArambulaCosio2004,
title={Autonomous robot navigation using adaptive potential fields },
journal={Mathematical and Computer Modelling },
volume={40},
number={9–10},
pages={1141 - 1156},
year={2004},
note={},
issn={0895-7177},
doi={http://dx.doi.org/10.1016/j.mcm.2004.05.001},
url={http://www.sciencedirect.com/science/article/pii/S0895717704003097},
author={F. Arambula Cosío and M.A. Padilla Castañeda}
}

@INPROCEEDINGS{Koren1991, 
author={Koren, Y. and Borenstein, J.}, 
booktitle={Robotics and Automation, 1991. Proceedings., 1991 IEEE International Conference on}, 
title={Potential field methods and their inherent limitations for mobile robot navigation}, 
year={1991}, 
month={Apr}, 
pages={1398-1404 vol.2}, 
keywords={computerised navigation;mobile robots;position control;computerised navigation;mobile robot;obstacle avoidance;potential field methods;sampling time;vector field histogram;Differential equations;Force sensors;Heart;Histograms;Manipulators;Mechanical engineering;Mobile robots;Navigation;Robot kinematics;Vehicles}, 
doi={10.1109/ROBOT.1991.131810},}

@INPROCEEDINGS{Hogan1984, 
author={Hogan, N.}, 
booktitle={American Control Conference, 1984}, 
title={Impedance Control: An Approach to Manipulation}, 
year={1984}, 
month={June}, 
pages={304-313}, 
keywords={Control systems;Force control;Impedance;Laboratories;Manipulator dynamics;Manufacturing;Mechanical variables control;Motion control;Prosthetics;Velocity control},}

@article{Krishnamurthy2007,
year={2007},
issn={0921-0296},
journal={Journal of Intelligent and Robotic Systems},
volume={48},
number={3},
doi={10.1007/s10846-006-9090-0},
title={GODZILA: A Low-resource Algorithm for Path Planning in Unknown Environments},
url={http://dx.doi.org/10.1007/s10846-006-9090-0},
publisher={Kluwer Academic Publishers},
keywords={autonomous vehicles; low-resource; obstacle avoidance; path planning; unknown environments; (1); (3); (5)},
author={Krishnamurthy, P. and Khorrami, F.},
pages={357-373},
language={English}
}

%%ASTAR
@ARTICLE{Hart1968, 
author={Hart, P.E. and Nilsson, N.J. and Raphael, B.}, 
journal={Systems Science and Cybernetics, IEEE Transactions on}, 
title={A Formal Basis for the Heuristic Determination of Minimum Cost Paths}, 
year={1968}, 
month={July}, 
volume={4}, 
number={2}, 
pages={100-107}, 
keywords={Automatic control;Automatic programming;Chemical technology;Costs;Functional programming;Gradient methods;Instruction sets;Mathematical programming;Minimax techniques;Minimization methods}, 
doi={10.1109/TSSC.1968.300136}, 
ISSN={0536-1567},}

%%% Motion and gaiting
@book{muybridge1957animals,
title={Animals in Motion},
author={Muybridge, E.},
isbn={9780486202037},
lccn={57004552},
url={https://books.google.com/books?id=uVbrtU0rCVsC},
year={1957},
publisher={Dover Publications, Incorporated}
}

@book{zatsiorskybiomechanics,
title={Biomechanics of Skeletal Muscles},
author={Zatsiorsky, V. and Prilutsky, B.},
isbn={9781450428842},
url={https://books.google.co.in/books?id=THXfHT8L5MEC},
publisher={Human Kinetics 10\%}
}

@book{Dudek2000,
author = {Dudek, Gregory and Jenkin, Michael},
title = {Computational Principles of Mobile Robotics},
year = {2000},
isbn = {0-521-56876-5},
publisher = {Cambridge University Press},
address = {New York, NY, USA},
} 

@manual{armyfieldmanual2008,
title = {The Warrior Ethos and Soldier Combat Skills, FM 3-21.75},
organization = {Headquarters, Department of the Army},
address = {Washington, DC},
year = {2008}
}

@manual{urg_specs,
title = {Scanning Laser Range Finder URG-04LX-UG01 (Simple-URG) Specifications},
organization = {Hokuyo Automatic Co., Ltd.},
address = {Osaka HU Building, 2-2-5 Tokiwamachi, Chuo-Ku, Osaka, 540-0028 Japan},
year = {2009}
}

@misc{rp_lidar,
author = "Tony Huang",
title  = "\emph{RPLIDAR - Slamtec - Leading Service Robot Localization and Navigation Solution Provider}",
note   = "\url{http://www.slamtec.com/en/lidar}
           [Accessed: 9/19/2016]",
year = 2016,
}

@misc{puck_lidar,
author = "Velodyne Lidar",
title  = "\emph{VLP-16}",
note   = "\url{http://www.slamtec.com/en/lidar}
           [Accessed: 9/19/2016]",
year = 2016,
}

@misc{nao_docs_h25,
author = "Aldebaran Robotics",
title  = "\emph{NAO H25}",
note   = "\url{http://doc.aldebaran.com/2-1/family/nao_h25/index_h25.html}
           [Accessed: 11/07/2016]",
year = 2016,
}
